@misc{NYUSHLIB,
	author = {{NYU Shanghai Library}},
	title = {{C}ourse {R}eserves {N}{Y}{U} {S}hanghai {L}ibrary},
  type = {Website},
  url = {https://library.shanghai.nyu.edu/course-reserves},
	year = {},
	note = {[Accessed 18 August 2023]},
}

@misc{Linerre2023,
	author = {Linerre},
	title = "README",
  year = {2023},
  month = {2},
  howpublished = "Hosted on GitHub: Linerre/gsuite-tools",
  url = {https://github.com/Linerre/gsuite-tools/blob/master/sheet/CDL-helpers/README.md#solution-2},
  note = {[Accessed 18 August 2023]}
}

@misc{Archwiki,
	author = {Arch Linux},
	title = "Arch Linux Wiki Page",
  year = {},
  type = {Website},
  url = {https://wiki.archlinux.org/title/Arch_Linux#Simplicity},
  note = {[Accessed 18 August 2023]}
}

@misc{controlled,
	author = {{Library Futures}},
	title = "Controlled Digital Lending",
  year = {},
  type = {Website},
  url = {https://controlleddigitallending.org},
  note = {[Accessed 18 August 2023]}
}



@article{cdl,
  title={Implementing Controlled Digital Lending with Google Drive and Apps Script: A Case Study at the NYU Shanghai Library},
  author={Xu, Qinghua and Lin, Leon and Wu, Xiaohan},
  year={2021},
  month={7},
  pages={37â€“54},
  volume={6},
  number={1},
  url={https://journal.calaijol.org/index.php/ijol/article/view/193},
 doi={10.23974/ijol.2021.vol6.1.193},
 journal={International Journal of Librarianship},
}
