@misc{wiki:loc,
author = {{Wikipedia contributors}},
year = {2023},
month = {9},
day = {1},
title = {Library of Congress Classification --- {Wikipedia}{,} The Free Encyclopedia},
url = { https://rb.gy/ypyj6https://en.wikipedia.org/w/index.php?title=Library_of_Congress_Classification&oldid=1173318367},
note = {[Accessed September 03, 2023]},
}

@misc{wiki:uml,
author = {{Wikipedia contributors}},
year = {2023},
month = {8},
day = {30},
title = {Unified Modeling Language --- {Wikipedia}{,} The Free Encyclopedia},
url = {https://en.wikipedia.org/w/index.php?title=Unified_Modeling_Language&oldid=1172936262},
note = {[Accessed September 03, 2023]},
}

@misc{site:loc,
author = {{The Library of Congress}},
title = {Library of Congress Classification Outline},
year = {},
month = {},
day = {},
url = {https://www.loc.gov/catdir/cpso/lcco},
note = {[Accessed 03-September-2023]},
}

@misc{lec:week5,
author = {{Nabavi, E.}},
subtitle = {Week 5 Being a Systems Thinker},
titleaddon = {[PowerPoint Slides]},
type = {COMP6250 Professional Practice \RNCaps{1}},
organization = {Australian National University},
year = {2023},
url ={https://echo360.net.au/section/},
addendum = {[Accessed 03-September-2023]},
}

@misc{site:nyulibmission,
author = {{NYUSH Library}},
title = {About NYU Shanghai Library},
year = {2023},
url = {https://library.shanghai.nyu.edu/about},
note = {[Accessed 03-September-2023]},
}

@misc{site:nyuteams,
author = {{NYUSH Library}},
title = {NYU Shanghai Library},
url = {https://library.nyu.edu/departments/nyu-shanghai-library/},
note = {[Accessed 03-September-2023]},
}

@inbook{mw:systematic,
author = {{Merriam-Webster}},
year = {},
title = {Systematic},
booktitle = {Merriam-Webster.com dictionary},
url = {https://www.merriam-webster.com/dictionary/systematic},
note = {[Accessed 03-September-2023]},
}

@misc{site:npr,
author = {{Blanchard, D. and Aronczyk A.}},
shortauthor = {{Blanchard and Aronczyk}},
title = {The E-Book Wars},
year = {2022},
month = {11},
day = {11},
url = {https://www.npr.org/2022/11/09/1135639385/libraries-publishers-ebooks-e-books-macmillan-protest-amazon-bezos},
note = {[Accessed 03-September-2023]},
}
