@inbook{john2021,
  booktitle = {The {L}ogic {N}otes},
  title = {Functional completeness},
  author = {John Slaney},
  year = {2021},
  chapter = {3},
  url = {https://users.cecs.anu.edu.au/~jks/LogicNotes/functional-completeness.html},
  note = {(Accessed 24 August 2023)},
}

@misc{wiki:fncomp,
  author = {{Wikipedia contributors}},
  year = {2023},
  month = {1},
  day = {17},
  title = {Functional completeness},
  url = {https://en.wikipedia.org/w/index.php?title=Functional_completeness&oldid=1134122950},
  note = {Retrieved August 23, 2023},
}


@misc{wiki:majf,
  author = {{Wikipedia contributors}},
  year = {2023},
  month = {5},
  day = {21},
  title = {Major function},
  url = {https://en.wikipedia.org/w/index.php?title=Majority_function&oldid=1156100526},
  note = {Retrieved August 24, 2023},
}
