@article{qx2021,
author = {Qinghua Xu and Leon Lin and Xiaohan Wu},
title = {Implementing Controlled Digital Lending with Google Drive and Apps Script: A Case Study at the NYU Shanghai Library},
journal = {International Journal of Librarianship},
doi = {10.23974/ijol.2021.vol6.1.193},
month = {7},
year = {2021},
volume = {6},
number = {1},
pages = {37--54},
}

@misc{policy7,
author = {Student Administration Registrar},
title = {Policy: Recognition of prior and external learning},
year = {2021},
month = {1},
howpublished = {Available at \url{https://policies.anu.edu.au/ppl/document/ANUP_6278391}},
note = {Accessed: 2024-01-02},
}

@misc{lin2020,
author = {Linerre Lin},
title = {{gsuite-tools/gmail}},
howpublished = {Available at \url{https://github.com/Linerre/gsuite-tools/tree/master/gmail}},
month = 9,
year = 2020,
note = {Accessed: 2024-01-02},
}

@misc{ares,
author = {Qinghua Xu and Linerre Lin},
title = {{ARes} Guide for Instructors},
year = {2019},
month = {8},
version = {0.0.1},
howpublished = {Available at \url{https://github.com/Linerre/Ares-Documentations/blob/master/Ares_Instructor_Guide.pdf}},
note = {Accessed: 2024-01-02},
}

@misc{nyu2020,
author = {{NYU Libraries Communications}},
title = {HathiTrust Temporary Emergency Access Extended Through Fall 2020},
month = {10},
year = {2020},
howpublished = {Available at \url{https://guides.nyu.edu/blog/HathiTrust-Temporary-Emergency-Access-Extended}},
note = {Accessed: 2024-01-03}
}

@misc{hath2021,
author = {HathiTrust},
title = {Emergency Temporary Access Service: Policy and Principles of Service},
month = {1},
year = {2021},
howpublished = {Available at \url{https://www.hathitrust.org/member-libraries/services-programs/etas/etas-terms-of-service/}},
note = {Accessed: 2024-01-03}
}

@misc{lin2022,
author = {Linerre Lin},
title = {{CDL Helpers}},
year = {2022},
howpublished = {Available at \url{https://github.com/Linerre/gsuite-tools/blob/master/sheet/CDL-helpers/README.md}},
note = {Accessed: 2024-01-04}
}

@misc{wiki:smart,
author = {Wikipedia},
title = {{SMART} criteria},
year = {2024},
month = {1},
howpublished = {Avaiable at \url{https://en.wikipedia.org/wiki/SMART_criteria}},
note = {Accessed: 2024-01-04}
}


@misc{dan2021,
author = {Dan Lew},
title = {Stop Nitpicking in Code Reviews},
year = {2021},
month = {2},
howpublished = {Avaiable at \url{https://blog.danlew.net/2021/02/23/stop-nitpicking-in-code-reviews/}},
note = {Accessed: 2024-01-01}
}


@misc{ms2022,
author = {Microsoft},
title = {Unit testing best practices with .{NET Core} and .{NET Standard}},
year = {2022},
month = {4},
day = {11},
howpublished = {Avaiable at \url{https://learn.microsoft.com/en-us/dotnet/core/testing/unit-testing-best-practices\#characteristics-of-a-good-unit-test}},
note = {Accessed: 2024-01-01}
}


@misc{paulx2021,
author = {Paul},
title = {Programming on Solana - An Introduction},
year = {2021},
month = {1},
day = {14},
howpublished = {Avaiable at \url{https://paulx.dev/blog/2021/01/14/programming-on-solana-an-introduction/}},
note = {Accessed: 2024-01-01},
}

@misc{day8,
author = {{Day 8 Technology}},
title = {The re-frame documentation},
year = {2021},
howpublished = {Avaiable at \url{https://day8.github.io/re-frame/re-frame/}},
note = {Accessed: 2024-01-01},
}

@misc{race2022,
author = {{RACE GAME}},
title = {Tech Reveal (Series of Articles)},
year = {2022},
howpublished = {Avaiable at \url{https://medium.com/@race.game.team/list/tech-reveal-cb1c8e9b6635}},
note = {Accessed: 2024-01-01},
}

@misc{addon2022,
author = {Linerre Lin},
title = {{CopyFromSheets.lua}},
year = 2022,
month = 1,
howpublished = {Avaiable at \url{https://github.com/Linerre/pypain/blob/master/ares/CopyFromSheets/CopyFromSheets.lua}},
note = {Accessed: 2024-01-05},
}
