@article{gardner1970,
  author = {Gardner, Martin},
  title = {Mathematical Games},
  journaltitle = {Scientific American},
  year = {1970},
  month = {10},
  volume = {223},
  number = {4},
  page = {120-123},
  doi = {10.1038%2Fscientificamerican1070-120},
  urldate = {2023-09-05},
}

@article{flowers1981
  author = {Betty S. Flowers},
  title = {Madman, Architect, Carpenter, Judge: Roles and the Writing Process},
  journaltitle = {Language Art},
  date = {1981-10},
  volume = {58},
  number = {7},
  page = {834-863},
  url = {http://www.jstor.org/stable/41962375},
  urldate = {2023-09-15}
}
