@online{site:ubathlib,
  author = {{UBath Library}},
  title = {Referencing guide: Harvard Bath},
  year = {2023},
  month = {08},
  day = {30},
  organization = {University of Bath},
  url = {https://library.bath.ac.uk/referencing/harvard-bath},
  urldate = {2023-09-05},
}
