@online{wiki:loc,
  author = {{Wikipedia contributors}},
  year = {2023},
  month = {9},
  day = {1},
  title = {Library of Congress Classification --- {Wikipedia}{,} The Free Encyclopedia},
  url = {https://en.wikipedia.org/w/index.php?title=Library_of_Congress_Classification&oldid=1173318367},
  urldate = {2023-09-03},
}

@online{wiki:uml,
  author = {{Wikipedia contributors}},
  year = {2023},
  month = {8},
  day = {30},
  title = {Unified Modeling Language --- {Wikipedia}{,} The Free Encyclopedia},
  url = {https://en.wikipedia.org/w/index.php?title=Unified_Modeling_Language&oldid=1172936262},
  urldate = {2023-09-03},
}

@online{wiki:gol,
  author = {{Wikipedia contributors}},
  year = {2023},
  month = {8},
  day = {12},
  title = {Conway's Game of Life --- {Wikipedia}{,} The Free Encyclopedia},
  url = {https://en.wikipedia.org/wiki/Conway's_Game_of_Life},
  urldate = {2023-09-03},
}

@online{wiki:arch,
	author = {Arch Linux},
	title = "Arch Linux Wiki Page",
  date = {},
  type = {Website},
  url = {https://wiki.archlinux.org/title/Arch_Linux#Simplicity},
  urldate = {2023-09-03},
}
